
@Misc{ΦΕΚ2010Β9,
	hyphenation		= {greek},
	title			= {ΦΕΚ Β 9 - 13.01.2010},
	author 			= {Ελληνική Βουλή},
   	note 			= {Απόφαση 2 : Κανονισμός Πτήσεων Αερομοντέλων,\href{http://www.et.gr/idocs-nph/search/pdfViewerForm.html?args=5C7QrtC22wGYK2xFpSwMnXdtvSoClrL8yDC9E5e67ropCCmqt4mgGO50VQv1JorZEmRQwePEviF8EeCoaT0MAKztT3Sb63xk3VkL3PiCQ3RLoVYQqjKiogfu8Gq1RKKQmyoZK8o4WQPG5q2_bMAV69wuvJBGx7c89qknpErdSmympywnDxCVmw..}{Σύνδεσμος Εθνικού Τυπογραφείου}},
   	day				= {13},
	month  			= {1}, 
   	year			= {2010}
   }
   
@Misc{ΦΕΚ2006A13,
	hyphenation		= {greek},
	title			= {ΦΕΚ Α 13 - 03.02.2006},
	author 			= {Ελληνική Βουλή},
   	note 			= {NOMOΣ ΥΠ’ ΑΡΙΘ. 3431 - Περί Ηλεκτρονικών Επικοινωνιών και άλλες διατάξεις.,\href{http://www.et.gr/idocs-nph/search/pdfViewerForm.html?args=5C7QrtC22wFGQ40gSLPFOXdtvSoClrL8mwqrihVEQjztIl9LGdkF53UIxsx942CdyqxSQYNuqAGCF0IfB9HI6qSYtMQEkEHLwnFqmgJSA5WIsluV-nRwO1oKqSe4BlOTSpEWYhszF8P8UqWb_zFijODZG2MZPzk-Fai88ZD9mnSbg0mnY_i2pMQ6Bq0k0c-N}{Σύνδεσμος Εθνικού Τυπογραφείου}},
   	day				= {03},
	month  			= {2}, 
   	year			= {2006}
   }
   
@Misc{ΦΕΚ2000A273,
	hyphenation		= {greek},
	title			= {ΦΕΚ A 273 - 19.12.2000},
	author 			= {Ελληνική Βουλή},
   	note 			= {NOMOΣ ΥΠ’ ΑΡΙΘ. 2867 - Οργάνωση και λειτουργία των Τηλεπικοινωνιών και άλλες διατάξεις., \href{http://http://www.et.gr/idocs-nph/search/pdfViewerForm.html?args=5C7QrtC22wEtf2Ep4n9LfndtvSoClrL879ErmzuRqmB5MXD0LzQTLWPU9yLzB8V68knBzLCmTXKaO6fpVZ6Lx3UnKl3nP8NxdnJ5r9cmWyJWelDvWS_18kAEhATUkJb0x1LIdQ163nV9K--td6SIuSCw7SzNEHakNfplC8ODWZZn8SgHF7tTA8TEoL20JmEC}{Σύνδεσμος Εθνικού Τυπογραφείου}},
   	day				= {19},
	month  			= {12}, 
   	year			= {2000}
   }
   
@Misc{ΦΕΚ2007Α161,
	hyphenation		= {greek},
	title			= {ΦΕΚ A 161 - 19.07.2007},
	author 			= {Ελληνική Βουλή},
   	note 			= {NOMOΣ ΥΠ’ ΑΡΙΘ. 3592 - Συγκέντρωση και αδειοδότηση Επιχειρήσεων Μέσων Ενημέρωσης και άλλες διατάξεις., \href{http://www.et.gr/idocs-nph/search/pdfViewerForm.html?args=5C7QrtC22wFNA1ry4K61p3dtvSoClrL8px6_ZGPuoJd5MXD0LzQTLWPU9yLzB8V68knBzLCmTXKaO6fpVZ6Lx3UnKl3nP8NxdnJ5r9cmWyJWelDvWS_18kAEhATUkJb0x1LIdQ163nV9K--td6SIuVEZTErFupuyMYYwLBBHUiuRiy1KAZ-5P74odFvSkr8X}{Σύνδεσμος Εθνικού Τυπογραφείου}},
   	day				= {19},
	month  			= {07}, 
   	year			= {2007}
   }
   
@Misc{ΦΕΚ2012Α82,
	hyphenation		= {greek},
	title			= {ΦΕΚ A 82 - 10.04.2012},
	author 			= {Ελληνική Βουλή},
   	note 			= {NOMOΣ ΥΠ’ ΑΡΙΘ. 4070 - Ρυθμίσεις Ηλεκτρονικών Επικοινωνιών, Μεταφορών, Δημοσίων Έργων και άλλες διατάξεις., \href{http://www.et.gr/idocs-nph/search/pdfViewerForm.html?args=5C7QrtC22wEbA_BZxkczbHdtvSoClrL85CIBV551Ig7tIl9LGdkF53UIxsx942CdyqxSQYNuqAGCF0IfB9HI6qSYtMQEkEHLwnFqmgJSA5WIsluV-nRwO1oKqSe4BlOTSpEWYhszF8P8UqWb_zFijLdLEujYx6QwDnl7MK0fSCBFUv1_Z2IMKFvm4ZFaV1ZC}{Σύνδεσμος Εθνικού Τυπογραφείου}},
   	day				= {10},
	month  			= {04}, 
   	year			= {2012}
   }
   
@Misc{ΦΕΚ2011Β2512,
	hyphenation		= {greek},
	title			= {ΦΕΚ B 2512 - 07.11.2011},
	author 			= {Ελληνική Βουλή},
   	note 			= {Κανονισμός Όρων Χρήσης Μεμονωμένων Ραδιοσυχνοτήτων ή Ζωνών Ραδιοσυχνοτήτων, \href{http://www.et.gr/idocs-nph/search/pdfViewerForm.html?args=5C7QrtC22wFYAFdDx4L2G3dtvSoClrL8O_j9lGUdzi_nMRVjyfnPUeJInJ48_97uHrMts-zFzeyCiBSQOpYnT00MHhcXFRTs9HKO3vhZWRc3ZY0NdPD57P-57xGj3Md8oDKaXzjaeIc.}{Σύνδεσμος Εθνικού Τυπογραφείου}},
   	day				= {07},
	month  			= {11}, 
   	year			= {2011}
   }

@Misc{ΦΕΚ2006Β399,
	hyphenation		= {greek},
	title			= {ΦΕΚ B 399 - 03.04.2006},
	author 			= {Ελληνική Βουλή},
   	note 			= {Έγκριση Εθνικού Κανονισμού Κατανομής Ζωνών Συχνοτήτων (ΕΚΚΖΣ)., \href{http://www.et.gr/idocs-nph/search/pdfViewerForm.html?args=5C7QrtC22wFGQ40gSLPFOXdtvSoClrL8EyEPjuYeiVF5MXD0LzQTLf7MGgcO23N88knBzLCmTXKaO6fpVZ6Lx3UnKl3nP8NxdnJ5r9cmWyJWelDvWS_18kAEhATUkJb0x1LIdQ163nV9K--td6SIue9FBBOuHaG5F7l5PH-OTu5NyinF6XelTO54OyDzJKV1}{Σύνδεσμος Εθνικού Τυπογραφείου}},
   	day				= {03},
	month  			= {04}, 
   	year			= {2006}
   }
     
@Misc{ΦΕΚ2008Β1979,
	hyphenation		= {greek},
	title			= {ΦΕΚ B 1979 - 24.09.2008},
	author 			= {Ελληνική Βουλή},
   	note 			= {Αναθεώρηση του Εθνικού Κανονισμού Κατανομής Ζωνών Συχνοτήτων (ΕΚΚΖΣ). (Τροποποίηση της υπ’ αριθμ. 17225/655/2006 (Β΄399/3.4.2006) κοινής υπουργικής απόφασης σχετικά με την "Έγκριση Εθνικού Κανονισμού Κατανομής Ζωνών Συχνοτήτων (ΕΚΚΖΣ)"), \href{http://www.et.gr/idocs-nph/search/pdfViewerForm.html?args=5C7QrtC22wHtyK1ZYNhP8HdtvSoClrL81QBC9NCxtPVp6k5uE6xNduJInJ48_97uHrMts-zFzeyCiBSQOpYnTy36MacmUFCx2ppFvBej56Mmc8Qdb8ZfRJqZnsIAdk8Lv_e6czmhEembNmZCMxLMtQIDyLnXua2t6m-J-3Hm8S6n0nBAxfyvP-WDmMWn4_tt}{Σύνδεσμος Εθνικού Τυπογραφείου}},
   	day				= {24},
	month  			= {09}, 
   	year			= {2008}
   }
   
@Misc{ΦΕΚ2006Β750,
	hyphenation		= {greek},
	title			= {ΦΕΚ B 750 - 21.06.2006},
	author 			= {Ελληνική Βουλή},
   	note 			= {Κανονισμός Χρήσης και Χορήγησης Δικαιωμάτων Χρήσης Ραδιοσυχνοτήτων υπό Καθεστώς Γενικής Άδειας για την Παροχή Δικτύων ή/και Υπηρεσιών Ηλεκτρονικών Επικοινωνιών, \href{http://www.et.gr/idocs-nph/search/pdfViewerForm.html?args=5C7QrtC22wFGQ40gSLPFOXdtvSoClrL8gWOB92gSLwx5MXD0LzQTLf7MGgcO23N88knBzLCmTXKaO6fpVZ6Lx3UnKl3nP8NxdnJ5r9cmWyJWelDvWS_18kAEhATUkJb0x1LIdQ163nV9K--td6SIuQk8kR6Y9YtgdFiMUrt0LW0n8OUD-xp-tNouub8JzNkL}{Σύνδεσμος Εθνικού Τυπογραφείου}},
   	day				= {21},
	month  			= {06}, 
   	year			= {2006}
   }
   
@Misc{ΦΕΚ2002Α44,
	hyphenation		= {greek},
	title			= {ΦΕΚ A 44 - 07.03.2002},
	author 			= {Ελληνική Βουλή},
   	note 			= {Προεδρικό διάταγμα υπ' αριθμ.44 - Ραδιοεξοπλισμός και τηλεπικοινωνιακός τερματικός εξοπλισμός και αμοιβαία αναγνώριση της συμμόρφωσης των εξοπλισμών αυτών. προσαρμογή της ελληνικής νομοθεσίας στη οδηγία 99/5/Εκ του Ευρωπαϊκού Κοινοβουλία και Συμβουλίου της 9 Μαρτίου του 1999., \href{http://www.et.gr/idocs-nph/search/pdfViewerForm.html?args=5C7QrtC22wHghqNAYvmYB3dtvSoClrL8ES5crdlkS9btIl9LGdkF53UIxsx942CdyqxSQYNuqAGCF0IfB9HI6qSYtMQEkEHLwnFqmgJSA5WIsluV-nRwO1oKqSe4BlOTSpEWYhszF8P8UqWb_zFijNSWR2OND47WlyFExDExMbfEVxrrK5qNLbMRVOn4cLxw}{Σύνδεσμος Εθνικού Τυπογραφείου}},
   	day				= {07},
	month  			= {03}, 
   	year			= {2002}
   }